<?xml version="1.0" encoding="UTF-8"?>
<collection xmlns="http://www.loc.gov/MARC21/slim">
<!-- call num top facet is "3" -->
    <record xmlns="http://www.loc.gov/MARC21/slim">
        <leader>01357ctm a2200349La 4500</leader>
        <controlfield tag="001">a8373645</controlfield>
        <controlfield tag="008">091022s2009    caua    r     000 0 eng d</controlfield>
        <datafield tag="245" ind1="1" ind2="0">
            <subfield code="a">four digits space four digits labelled LC</subfield>
        </datafield>
        <datafield tag="999" ind1=" " ind2=" ">
            <subfield code="a">3781 2009 T</subfield>
            <subfield code="w">LC</subfield>
            <subfield code="c">1</subfield>
            <subfield code="i">LL289799</subfield>
            <subfield code="l">ASK@LANE</subfield>
            <subfield code="m">LANE-MED</subfield>
            <subfield code="r">N</subfield>
            <subfield code="s">Y</subfield>
            <subfield code="t">MEDICAL</subfield>
            <subfield code="u">10/24/2009</subfield>
        </datafield>
        <datafield tag="999" ind1=" " ind2=" ">
            <subfield code="a">2345 5861 V.3</subfield>
            <subfield code="w">LC</subfield>
            <subfield code="c">1</subfield>
            <subfield code="i">36105127618713</subfield>
            <subfield code="l">CHINESE</subfield>
            <subfield code="m">EAST-ASIA</subfield>
            <subfield code="r">Y</subfield>
            <subfield code="s">Y</subfield>
            <subfield code="t">STKS-MONO</subfield>
            <subfield code="u">1/25/2007</subfield>
        </datafield>    
        <datafield tag="999" ind1=" " ind2=" ">
            <subfield code="a">2061 4246 NO.5-6 1936-1937</subfield>
            <subfield code="w">ALPHANUM</subfield>
            <subfield code="c">1</subfield>
            <subfield code="i">36105124514436</subfield>
            <subfield code="l">EALSAL-CHN</subfield>
            <subfield code="m">EAST-ASIA</subfield>
            <subfield code="r">Y</subfield>
            <subfield code="s">Y</subfield>
            <subfield code="t">STKS-PERI</subfield>
            <subfield code="u">6/2/2006</subfield>
            <subfield code="z">TAX=8.25</subfield>
            <subfield code="o">.TECHSTAFF. .COMMENT.Backstage Library Works recon 05/31/06</subfield>
        </datafield>    
    </record>