
    <record>
        <leader>03271cas a2200589 a 4500</leader>
        <controlfield tag="001">a5319829</controlfield>
        <controlfield tag="008">021217c19839999cc br p   g   0   e0chi d</controlfield>
        <datafield tag="245" ind1=" " ind2=" ">
            <subfield code="a">more weird call num scheme</subfield>
        </datafield>
        <datafield tag="999" ind1=" " ind2=" ">
            <subfield code="a">4861.1 /3700</subfield>
            <subfield code="w">LC</subfield>
            <subfield code="c">1</subfield>
            <subfield code="i">5319829-3001</subfield>
            <subfield code="l">CHINESE</subfield>
            <subfield code="m">EAST-ASIA</subfield>
            <subfield code="r">Y</subfield>
            <subfield code="s">Y</subfield>
            <subfield code="t">STKS-PERI</subfield>
            <subfield code="u">3/29/2007</subfield>
            <subfield code="z">TAX=8.25</subfield>
        </datafield>
     </record>