
    <record xmlns="http://www.loc.gov/MARC21/slim">
        <leader>01021cas a22002771a 4500</leader>
        <controlfield tag="001">a6773122</controlfield>
        <controlfield tag="008">050520d19341941cc ux p       0   e0chi d</controlfield>
        <datafield tag="245" ind1=" " ind2=" ">
            <subfield code="a">not lc - gov doc?  alphanum?  chinese one?</subfield>
        </datafield>
        <datafield tag="999" ind1=" " ind2=" ">
            <subfield code="a">1975.1 3772.1</subfield>
            <subfield code="w">LC</subfield>
            <subfield code="c">1</subfield>
            <subfield code="i">6773122-1001</subfield>
            <subfield code="l">CHINESE</subfield>
            <subfield code="m">EAST-ASIA</subfield>
            <subfield code="r">Y</subfield>
            <subfield code="s">Y</subfield>
            <subfield code="t">STKS-PERI</subfield>
            <subfield code="u">3/22/2007</subfield>
            <subfield code="z">TAX=8.25</subfield>
        </datafield>
        <datafield tag="999" ind1=" " ind2=" ">
            <subfield code="a">1975.1 3772.1 NO.29 2008</subfield>
            <subfield code="w">LCPER</subfield>
            <subfield code="c">1</subfield>
            <subfield code="i">36105210463209</subfield>
            <subfield code="l">CHINESE</subfield>
            <subfield code="m">EAST-ASIA</subfield>
            <subfield code="r">Y</subfield>
            <subfield code="s">Y</subfield>
            <subfield code="t">STKS-PERI</subfield>
            <subfield code="u">1/20/2009</subfield>
        </datafield>
    </record>