
    <record xmlns="http://www.loc.gov/MARC21/slim">
        <leader>01097ckm a2200289Li 4500</leader>
        <controlfield tag="001">a7278184</controlfield>
        <controlfield tag="003">SIRSI</controlfield>
        <controlfield tag="008">050708s1952    it nnn            k|||| d</controlfield>
        <datafield tag="245" ind1=" " ind2=" ">
            <subfield code="a">weird lane</subfield>
        </datafield>
        <datafield tag="999" ind1=" " ind2=" ">
            <subfield code="a">1.1</subfield>
            <subfield code="w">LC</subfield>
            <subfield code="c">1</subfield>
            <subfield code="i">LL219799</subfield>
            <subfield code="l">ASK@LANE</subfield>
            <subfield code="m">LANE-MED</subfield>
            <subfield code="r">N</subfield>
            <subfield code="s">Y</subfield>
            <subfield code="t">MEDICAL</subfield>
            <subfield code="u">3/30/2008</subfield>
        </datafield>
        <datafield tag="999" ind1=" " ind2=" ">
            <subfield code="a">20.44</subfield>
            <subfield code="w">LC</subfield>
            <subfield code="c">1</subfield>
            <subfield code="i">LL220408</subfield>
            <subfield code="l">ASK@LANE</subfield>
            <subfield code="m">LANE-MED</subfield>
            <subfield code="r">N</subfield>
            <subfield code="s">Y</subfield>
            <subfield code="t">MEDICAL</subfield>
            <subfield code="u">11/14/2009</subfield>
        </datafield>
    </record>