
    <record xmlns="http://www.loc.gov/MARC21/slim">
        <leader>01154ctm a2200277 a 4500</leader>
        <controlfield tag="001">a4779032</controlfield>
        <controlfield tag="008">010523s2000    xx       bm   000 0 eng d</controlfield>
        <datafield tag="245" ind1=" " ind2=" ">
            <subfield code="a">not sure what this is???</subfield>
        </datafield>
        <datafield tag="999" ind1=" " ind2=" ">
            <subfield code="a">158613F868 .C45 N37 2000</subfield>
            <subfield code="w">LC</subfield>
            <subfield code="c">1</subfield>
            <subfield code="i">36105111605296</subfield>
            <subfield code="d">10/2/2008</subfield>
            <subfield code="e">7/24/2008</subfield>
            <subfield code="l">STACKS</subfield>
            <subfield code="m">GREEN</subfield>
            <subfield code="n">19</subfield>
            <subfield code="r">Y</subfield>
            <subfield code="s">Y</subfield>
            <subfield code="t">STKS-MONO</subfield>
            <subfield code="u">6/18/2002</subfield>
            <subfield code="o">.TECHSTAFF. r:sp 06/18/2002/.,c:rsp,6/18/02</subfield>
        </datafield>
        <datafield tag="999" ind1=" " ind2=" ">
            <subfield code="a">5115126059 A17 2004</subfield>
            <subfield code="w">LC</subfield>
            <subfield code="c">1</subfield>
            <subfield code="i">36105115143799</subfield>
            <subfield code="d">12/5/2004</subfield>
            <subfield code="e">11/4/2004</subfield>
            <subfield code="l">STACKS</subfield>
            <subfield code="m">GREEN</subfield>
            <subfield code="n">1</subfield>
            <subfield code="p">$16.00</subfield>
            <subfield code="r">Y</subfield>
            <subfield code="s">Y</subfield>
            <subfield code="t">STKS-MONO</subfield>
            <subfield code="u">11/2/2004</subfield>
            <subfield code="z">TAX=8.25</subfield>
        </datafield>    
    </record>