
    <record>
        <leader>06687cas a22007693  4500</leader>
        <controlfield tag="001">a404891</controlfield>
        <controlfield tag="008">790220c19639999cauuu         0   a0eng d</controlfield>    
        <datafield tag="245" ind1=" " ind2=" ">
            <subfield code="a">shelbytitle weirdness</subfield>
        </datafield>
        <datafield tag="999" ind1=" " ind2=" ">
            <subfield code="a"> 1976</subfield>
            <subfield code="w">LCPER</subfield>
            <subfield code="c">1</subfield>
            <subfield code="i">36105010008972</subfield>
            <subfield code="d">11/17/2006</subfield>
            <subfield code="l">SHELBYTITL</subfield>
            <subfield code="m">HOPKINS</subfield>
            <subfield code="p">$40.00</subfield>
            <subfield code="q">6</subfield>
            <subfield code="r">Y</subfield>
            <subfield code="s">Y</subfield>
            <subfield code="t">PERI</subfield>
            <subfield code="u">2/20/1979</subfield>
            <subfield code="o">.TECHSTAFF. #33 901130</subfield>
        </datafield>
    </record>