
    <record>
        <leader>01767nam a22003614a 4500</leader>
        <controlfield tag="001">a8366720</controlfield>
        <controlfield tag="008">090721s2009    gw a     b    000 0 ger c</controlfield>
        <datafield tag="245" ind1=" " ind2=" ">
            <subfield code="a">EDI weird</subfield>
        </datafield>
        <datafield tag="999" ind1=" " ind2=" ">
            <subfield code="a">427331959</subfield>
            <subfield code="w">LC</subfield>
            <subfield code="c">1</subfield>
            <subfield code="i">8366720-1001</subfield>
            <subfield code="l">EDI</subfield>
            <subfield code="m">SUL</subfield>
            <subfield code="r">Y</subfield>
            <subfield code="s">Y</subfield>
            <subfield code="t">EDI-REMOVE</subfield>
            <subfield code="u">10/15/2009</subfield>
            <subfield code="z">TAX=8.25</subfield>
        </datafield>
    </record>