
    <record>
        <leader>01357ckm a2200313Li 4500</leader>
        <controlfield tag="001">a7672538</controlfield>
        <controlfield tag="008">050831s1940    gw nnn            k|ger d</controlfield>
        <datafield tag="245" ind1=" " ind2=" ">
            <subfield code="a">lane LL barcodes</subfield>
        </datafield>
        <datafield tag="999" ind1=" " ind2=" ">
            <subfield code="a">4.15[C]</subfield>
            <subfield code="w">LC</subfield>
            <subfield code="c">1</subfield>
            <subfield code="i">LL220624</subfield>
            <subfield code="l">ASK@LANE</subfield>
            <subfield code="m">LANE-MED</subfield>
            <subfield code="r">N</subfield>
            <subfield code="s">Y</subfield>
            <subfield code="t">MEDICAL</subfield>
            <subfield code="u">8/9/2008</subfield>
        </datafield>
        <datafield tag="999" ind1=" " ind2=" ">
            <subfield code="a">6.4C-CZ[BC]</subfield>
            <subfield code="w">LC</subfield>
            <subfield code="c">1</subfield>
            <subfield code="i">LL238400</subfield>
            <subfield code="l">ASK@LANE</subfield>
            <subfield code="m">LANE-MED</subfield>
            <subfield code="r">N</subfield>
            <subfield code="s">Y</subfield>
            <subfield code="t">MEDICAL</subfield>
            <subfield code="u">3/30/2008</subfield>
        </datafield>
        <datafield tag="999" ind1=" " ind2=" ">
            <subfield code="a">8.99</subfield>
            <subfield code="w">LC</subfield>
            <subfield code="c">1</subfield>
            <subfield code="i">LL229390</subfield>
            <subfield code="l">ASK@LANE</subfield>
            <subfield code="m">LANE-MED</subfield>
            <subfield code="r">N</subfield>
            <subfield code="s">Y</subfield>
            <subfield code="t">MEDICAL</subfield>
            <subfield code="u">3/30/2008</subfield>
        </datafield>
    </record>    
    <record>
        <leader>00539nam a2200169ZZ 4500</leader>
        <controlfield tag="001">a229099</controlfield>
        <controlfield tag="008">890418s1911    rur|||||||||||||||||rus||</controlfield>
        <datafield tag="035" ind1=" " ind2=" ">
            <subfield code="a">two digits then a space</subfield>
        </datafield>
        <datafield tag="999" ind1=" " ind2=" ">
            <subfield code="a">70 03126</subfield>
            <subfield code="w">LC</subfield>
            <subfield code="c">1</subfield>
            <subfield code="i">36105019767628</subfield>
            <subfield code="d">6/22/1998</subfield>
            <subfield code="l">UNCAT</subfield>
            <subfield code="m">SAL</subfield>
            <subfield code="p">$40.00</subfield>
            <subfield code="r">Y</subfield>
            <subfield code="s">Y</subfield>
            <subfield code="t">STKS-MONO</subfield>
            <subfield code="u">4/18/1989</subfield>
            <subfield code="o">.TECHSTAFF. cat:  meoo 901130</subfield>
        </datafield>
        <datafield tag="999" ind1=" " ind2=" ">
            <subfield code="a">70 35156</subfield>
            <subfield code="w">LC</subfield>
            <subfield code="c">1</subfield>
            <subfield code="i">36105111497041</subfield>
            <subfield code="d">8/6/1996</subfield>
            <subfield code="l">INPROCESS</subfield>
            <subfield code="m">SAL3</subfield>
            <subfield code="p">$40.00</subfield>
            <subfield code="r">Y</subfield>
            <subfield code="s">Y</subfield>
            <subfield code="t">STKS-MONO</subfield>
            <subfield code="u">7/29/1991</subfield>
            <subfield code="o">.TECHSTAFF. built</subfield>
        </datafield>
        <datafield tag="999" ind1=" " ind2=" ">
            <subfield code="a">70 45997</subfield>
            <subfield code="w">LC</subfield>
            <subfield code="c">1</subfield>
            <subfield code="i">4340815-1001</subfield>
            <subfield code="l">STACKS</subfield>
            <subfield code="m">SAL</subfield>
            <subfield code="r">Y</subfield>
            <subfield code="s">Y</subfield>
            <subfield code="t">STKS-MONO</subfield>
            <subfield code="u">4/19/2000</subfield>
        </datafield>
        <datafield tag="999" ind1=" " ind2=" ">
            <subfield code="a">71 15446 V.1</subfield>
            <subfield code="w">ALPHANUM</subfield>
            <subfield code="c">1</subfield>
            <subfield code="i">36105116233839</subfield>
            <subfield code="d">3/8/2005</subfield>
            <subfield code="l">RBC-30</subfield>
            <subfield code="m">SPEC-COLL</subfield>
            <subfield code="p">$40.00</subfield>
            <subfield code="r">Y</subfield>
            <subfield code="s">Y</subfield>
            <subfield code="t">NONCIRC</subfield>
            <subfield code="u">7/21/1992</subfield>
            <subfield code="o">.TECHSTAFF. i:sbm</subfield>
        </datafield>
        <datafield tag="999" ind1=" " ind2=" ">
            <subfield code="a">95 05041</subfield>
            <subfield code="w">LC</subfield>
            <subfield code="c">1</subfield>
            <subfield code="i">36105017047916</subfield>
            <subfield code="d">6/11/2001</subfield>
            <subfield code="e">11/17/1997</subfield>
            <subfield code="l">STACKS</subfield>
            <subfield code="m">GREEN</subfield>
            <subfield code="n">2</subfield>
            <subfield code="r">Y</subfield>
            <subfield code="s">Y</subfield>
            <subfield code="t">STKS-MONO</subfield>
            <subfield code="u">11/14/1997</subfield>
            <subfield code="o">.TECHSTAFF. tf:GREEN 9/97 batch</subfield>
            <subfield code="o">.TECHSTAFF. i:mis/i:emk</subfield>
            <subfield code="o">.TECHSTAFF. PUB 6/12/96/pb</subfield>
        </datafield>
    </record>    
    <record>
        <leader>01559cam a2200397Ma 4500</leader>
        <controlfield tag="001">a7926635</controlfield>
        <controlfield tag="008">051206s2001    ja            010 0 jpn d</controlfield>
        <datafield tag="040" ind1=" " ind2=" ">
            <subfield code="a">japanese in process</subfield>
        </datafield>
        <datafield tag="999" ind1=" " ind2=" ">
            <subfield code="a">7926635</subfield>
            <subfield code="w">LC</subfield>
            <subfield code="c">1</subfield>
            <subfield code="i">36105211925107</subfield>
            <subfield code="k">INPROCESS</subfield>
            <subfield code="l">JAPANESE</subfield>
            <subfield code="m">EAST-ASIA</subfield>
            <subfield code="r">Y</subfield>
            <subfield code="s">Y</subfield>
            <subfield code="t">STKS-MONO</subfield>
            <subfield code="u">9/11/2009</subfield>
        </datafield>
        <datafield tag="999" ind1=" " ind2=" ">
            <subfield code="a">7885324-1001-2</subfield>
            <subfield code="w">LC</subfield>
            <subfield code="c">1</subfield>
            <subfield code="i">7885324-2001</subfield>
            <subfield code="k">INPROCESS</subfield>
            <subfield code="l">JAPANESE</subfield>
            <subfield code="m">EAST-ASIA</subfield>
            <subfield code="r">Y</subfield>
            <subfield code="s">Y</subfield>
            <subfield code="t">STKS-MONO</subfield>
            <subfield code="u">5/19/2009</subfield>
        </datafield>
        <datafield tag="999" ind1=" " ind2=" ">
            <subfield code="a">7890569-1001</subfield>
            <subfield code="w">LC</subfield>
            <subfield code="c">1</subfield>
            <subfield code="i">7890569-1001</subfield>
            <subfield code="k">INPROCESS</subfield>
            <subfield code="l">JAPANESE</subfield>
            <subfield code="m">EAST-ASIA</subfield>
            <subfield code="r">Y</subfield>
            <subfield code="s">Y</subfield>
            <subfield code="t">STKS-MONO</subfield>
            <subfield code="u">4/1/2009</subfield>
        </datafield>
    </record>