
    
    <record>
        <leader>06724cas a2200601   4500</leader>
        <controlfield tag="001">a485907</controlfield>
        <controlfield tag="008">790219c19639999at uu     b  s0    0eng d</controlfield>
        <datafield tag="245" ind1=" " ind2=" ">
            <subfield code="a">four digit fun alphanum</subfield>
        </datafield>
        <datafield tag="999" ind1=" " ind2=" ">
            <subfield code="a">8291.209 .A963 V.7 1975/1976</subfield>
            <subfield code="w">ALPHANUM</subfield>
            <subfield code="c">1</subfield>
            <subfield code="i">36105010410483</subfield>
            <subfield code="d">12/12/1998</subfield>
            <subfield code="l">STACKS</subfield>
            <subfield code="m">SAL3</subfield>
            <subfield code="p">$40.00</subfield>
            <subfield code="q">2</subfield>
            <subfield code="r">Y</subfield>
            <subfield code="s">Y</subfield>
            <subfield code="t">STKS-PERI</subfield>
            <subfield code="u">12/12/1998</subfield>
            <subfield code="o">.TECHSTAFF. tf:SAL 09/28/04 batch</subfield>
        </datafield>
    </record>