
<!-- double quote call num ? -->    
    <record>
        <leader>00650cas a2200205ui 4500</leader>
        <controlfield tag="001">aquote</controlfield>
        <controlfield tag="008">960703d19uu1959xxuar              0eng d</controlfield>
        <datafield tag="245" ind1=" " ind2=" ">
            <subfield code="a">double quote call num</subfield>
        </datafield>    
        <datafield tag="999" ind1=" " ind2=" ">
            <subfield code="a">"LA CONSOLIDADA", S.A.</subfield>
            <subfield code="w">LC</subfield>
            <subfield code="c">1</subfield>
            <subfield code="i">JL20264S</subfield>
            <subfield code="l">ASK@GSB</subfield>
            <subfield code="m">JACKSON</subfield>
            <subfield code="r">N</subfield>
            <subfield code="s">Y</subfield>
            <subfield code="t">BUSINESS</subfield>
            <subfield code="u">5/17/2008</subfield>
        </datafield> 
        <datafield tag="999" ind1=" " ind2=" ">
            <subfield code="a">"NEW BEGINNING" INVESTMENT RESERVE FUND,</subfield>
            <subfield code="w">LC</subfield>
            <subfield code="c">1</subfield>
            <subfield code="i">JL36924S</subfield>
            <subfield code="l">ASK@GSB</subfield>
            <subfield code="m">JACKSON</subfield>
            <subfield code="r">N</subfield>
            <subfield code="s">Y</subfield>
            <subfield code="t">BUSINESS</subfield>
            <subfield code="u">5/17/2008</subfield>
        </datafield>
        <datafield tag="999" ind1=" " ind2=" ">
            <subfield code="a">"21" BRANDS, INCORPORATED</subfield>
            <subfield code="w">LC</subfield>
            <subfield code="c">1</subfield>
            <subfield code="i">JL41534S</subfield>
            <subfield code="l">ASK@GSB</subfield>
            <subfield code="m">JACKSON</subfield>
            <subfield code="r">N</subfield>
            <subfield code="s">Y</subfield>
            <subfield code="t">BUSINESS</subfield>
            <subfield code="u">5/17/2008</subfield>
        </datafield>
    </record>