
<!-- parens call numbers -->    
    <record>
        <leader>00847cam a22002775a 4500</leader>
        <controlfield tag="001">aparen</controlfield>
        <controlfield tag="008">060323s2005    tu            000 0 tur  </controlfield>
        <datafield tag="245" ind1=" " ind2=" ">
            <subfield code="a">call number in parens</subfield>
        </datafield>   
        <datafield tag="999" ind1=" " ind2=" ">
            <subfield code="a">(OCOLC)65536925</subfield>
            <subfield code="w">LC</subfield>
            <subfield code="c">1</subfield>
            <subfield code="i">36105122802908</subfield>
            <subfield code="d">6/29/2007</subfield>
            <subfield code="e">6/29/2007</subfield>
            <subfield code="k">B&amp;F-HOLD</subfield>
            <subfield code="l">STACKS</subfield>
            <subfield code="m">GREEN</subfield>
            <subfield code="n">1</subfield>
            <subfield code="r">Y</subfield>
            <subfield code="s">Y</subfield>
            <subfield code="t">STKS-MONO</subfield>
            <subfield code="u">6/26/2007</subfield>
        </datafield>
        <datafield tag="999" ind1=" " ind2=" ">
            <subfield code="a">(V) JN6695 .I28 1999 COPY 2</subfield>
            <subfield code="w">LC</subfield>
            <subfield code="c">2</subfield>
            <subfield code="i">36105073321643</subfield>
            <subfield code="l">VAULT</subfield>
            <subfield code="m">HOOVER</subfield>
            <subfield code="r">Y</subfield>
            <subfield code="s">Y</subfield>
            <subfield code="t">VAULT</subfield>
            <subfield code="u">7/20/2001</subfield>
        </datafield>
        <datafield tag="999" ind1=" " ind2=" ">
            <subfield code="a">(ADL4044.1)XX</subfield>
            <subfield code="w">LC</subfield>
            <subfield code="c">1</subfield>
            <subfield code="i">698085-2001</subfield>
            <subfield code="d">2/26/1999</subfield>
            <subfield code="k">INPROCESS</subfield>
            <subfield code="l">RARE-BOOKS</subfield>
            <subfield code="m">SPEC-COLL</subfield>
            <subfield code="p">$65.00</subfield>
            <subfield code="r">Y</subfield>
            <subfield code="s">Y</subfield>
            <subfield code="t">STKS</subfield>
            <subfield code="u">2/25/1999</subfield>
            <subfield code="z">TAX=8.25</subfield>
            <subfield code="o">.TECHSTAFF. iaf/spec 2-25-99</subfield>
        </datafield>
        <datafield tag="999" ind1=" " ind2=" ">
            <subfield code="a">(XX.4300523)</subfield>
            <subfield code="w">LC</subfield>
            <subfield code="c">1</subfield>
            <subfield code="i">4300523-1001</subfield>
            <subfield code="k">INPROCESS</subfield>
            <subfield code="l">RARE-BOOKS</subfield>
            <subfield code="m">SPEC-COLL</subfield>
            <subfield code="p">$35.00</subfield>
            <subfield code="r">Y</subfield>
            <subfield code="s">Y</subfield>
            <subfield code="t">STKS</subfield>
            <subfield code="u">4/5/2000</subfield>
            <subfield code="z">TAX=8.25</subfield>
            <subfield code="o">.TECHSTAFF. r:dp  04/11/2000 DIST</subfield>
        </datafield>
        <datafield tag="999" ind1=" " ind2=" ">
            <subfield code="a">(THE) NWNL COMPANIES, INC.</subfield>
            <subfield code="w">LC</subfield>
            <subfield code="c">1</subfield>
            <subfield code="i">JL8237S</subfield>
            <subfield code="l">ASK@GSB</subfield>
            <subfield code="m">JACKSON</subfield>
            <subfield code="r">N</subfield>
            <subfield code="s">Y</subfield>
            <subfield code="t">BUSINESS</subfield>
            <subfield code="u">5/17/2008</subfield>
        </datafield>
    </record>