
<!-- callnum starts hyphen -->
    <record>
        <leader>00806cam a2200217Ia 4500</leader>
        <controlfield tag="001">ahyphen</controlfield>
        <controlfield tag="008">840216s1952    tu ab         000 0 tur d</controlfield>
        <datafield tag="245" ind1=" " ind2=" ">
            <subfield code="a">callnum starts hyphen</subfield>
        </datafield>
        <datafield tag="999" ind1=" " ind2=" ">
            <subfield code="a">---</subfield>
            <subfield code="w">LC</subfield>
            <subfield code="c">1</subfield>
            <subfield code="i">36105122770394</subfield>
            <subfield code="d">8/9/2007</subfield>
            <subfield code="e">8/9/2007</subfield>
            <subfield code="k">B&amp;F-HOLD</subfield>
            <subfield code="l">STACKS</subfield>
            <subfield code="m">GREEN</subfield>
            <subfield code="n">2</subfield>
            <subfield code="r">Y</subfield>
            <subfield code="s">Y</subfield>
            <subfield code="t">STKS-MONO</subfield>
            <subfield code="u">7/3/2007</subfield>
        </datafield>
    </record>