
<!-- period callnum -->    
    <record>
        <leader>01501cam a2200421La 4500</leader>
        <controlfield tag="001">aperiod</controlfield>
        <controlfield tag="008">970103s1996    inua    v     001 0 eng d</controlfield>
        <datafield tag="245" ind1=" " ind2=" ">
            <subfield code="a">period call number</subfield>
        </datafield>
        <datafield tag="999" ind1=" " ind2=" ">
            <subfield code="a">.W42 1996</subfield>
            <subfield code="w">LC</subfield>
            <subfield code="c">1</subfield>
            <subfield code="i">LL90670</subfield>
            <subfield code="l">ASK@LANE</subfield>
            <subfield code="m">LANE-MED</subfield>
            <subfield code="r">N</subfield>
            <subfield code="s">Y</subfield>
            <subfield code="t">MEDICAL</subfield>
            <subfield code="u">3/30/2008</subfield>
        </datafield>
        <datafield tag="999" ind1=" " ind2=" ">
            <subfield code="a">.M1620 .N7 N53 1985 V.1:PT.1</subfield>
            <subfield code="w">LC</subfield>
            <subfield code="c">1</subfield>
            <subfield code="i">36105127618770</subfield>
            <subfield code="d">2/8/2008</subfield>
            <subfield code="e">1/31/2008</subfield>
            <subfield code="l">CHINESE</subfield>
            <subfield code="m">EAST-ASIA</subfield>
            <subfield code="r">Y</subfield>
            <subfield code="s">Y</subfield>
            <subfield code="t">STKS-MONO</subfield>
            <subfield code="u">9/26/1999</subfield>
            <subfield code="z">DIGI-SENT</subfield>
        </datafield>
        <datafield tag="999" ind1=" " ind2=" ">
            <subfield code="a">.G59</subfield>
            <subfield code="w">LC</subfield>
            <subfield code="c">1</subfield>
            <subfield code="i">LL89612</subfield>
            <subfield code="l">ASK@LANE</subfield>
            <subfield code="m">LANE-MED</subfield>
            <subfield code="r">N</subfield>
            <subfield code="s">Y</subfield>
            <subfield code="t">MEDICAL</subfield>
            <subfield code="u">3/30/2008</subfield>
        </datafield>
    </record>