
<!-- back tick call number -->    
    <record>
        <leader>01126cam a22002774a 4500</leader>
        <controlfield tag="001">a7859555</controlfield>
        <controlfield tag="008">090305s1840    enk           000 0 heb d</controlfield>
        <datafield tag="245" ind1=" " ind2=" ">
            <subfield code="a">back tick call number</subfield>
        </datafield>
        <datafield tag="999" ind1=" " ind2=" ">
            <subfield code="a">̀PE1130 .H5 H64 1840 HELEK 1</subfield>
            <subfield code="w">LC</subfield>
            <subfield code="c">1</subfield>
            <subfield code="i">7859555-1001</subfield>
            <subfield code="l">RARE-BOOKS</subfield>
            <subfield code="m">SPEC-COLL</subfield>
            <subfield code="r">Y</subfield>
            <subfield code="s">Y</subfield>
            <subfield code="t">STKS</subfield>
            <subfield code="u">3/2/2009</subfield>
        </datafield>
    </record>