
    
<!-- starting illegally with I -->    
    <record>
        <leader>02132cam a2200397Ia 4500</leader>
        <controlfield tag="001">aletterI</controlfield>
        <controlfield tag="008">090306s2009    dcuad   sb    000 0 eng d</controlfield>
        <datafield tag="245" ind1=" " ind2=" ">
            <subfield code="a">call number starting with I</subfield>
        </datafield>
        <datafield tag="999" ind1=" " ind2=" ">
            <subfield code="a">INTERNET RESOURCE KF3400 .S36 2009</subfield>
            <subfield code="w">LC</subfield>
            <subfield code="c">1</subfield>
            <subfield code="i">7864015-2001</subfield>
            <subfield code="l">INTERNET</subfield>
            <subfield code="m">LAW</subfield>
            <subfield code="r">Y</subfield>
            <subfield code="s">Y</subfield>
            <subfield code="t">ONLINE</subfield>
            <subfield code="u">3/6/2009</subfield>
        </datafield> 
        <datafield tag="999" ind1=" " ind2=" ">
            <subfield code="a">ISHII</subfield>
            <subfield code="w">LC</subfield>
            <subfield code="c">1</subfield>
            <subfield code="i">JJ182093</subfield>
            <subfield code="l">ASK@GSB</subfield>
            <subfield code="m">JACKSON</subfield>
            <subfield code="r">N</subfield>
            <subfield code="s">Y</subfield>
            <subfield code="t">BUSINESS</subfield>
            <subfield code="u">4/5/2009</subfield>
        </datafield>
        <datafield tag="999" ind1=" " ind2=" ">
            <subfield code="a">INTERNET RESOURCE GALE EZPROXY</subfield>
            <subfield code="w">LC</subfield>
            <subfield code="c">1</subfield>
            <subfield code="i">7157752-2001</subfield>
            <subfield code="l">INTERNET</subfield>
            <subfield code="m">LAW</subfield>
            <subfield code="r">Y</subfield>
            <subfield code="s">Y</subfield>
            <subfield code="t">ONLINE</subfield>
            <subfield code="u">2/6/2008</subfield>
            <subfield code="o">.TECHSTAFF. lc:bp -- do not upload record to OCLC.</subfield>
        </datafield>
        <datafield tag="999" ind1=" " ind2=" ">
            <subfield code="a">ICAO DOC 4444/15 ED</subfield>
            <subfield code="w">LC</subfield>
            <subfield code="c">1</subfield>
            <subfield code="i">36105133579198</subfield>
            <subfield code="d">7/17/2008</subfield>
            <subfield code="e">6/25/2008</subfield>
            <subfield code="l">INTL-DOCS</subfield>
            <subfield code="m">GREEN</subfield>
            <subfield code="n">1</subfield>
            <subfield code="r">Y</subfield>
            <subfield code="s">Y</subfield>
            <subfield code="t">GOVSTKS</subfield>
            <subfield code="u">6/19/2008</subfield>
            <subfield code="x">RECYCLE</subfield>
        </datafield>
    </record>