
<!-- letter O -->    
    <record>
        <leader>00449cam a22001695i 4500</leader>
        <controlfield tag="001">aletterO</controlfield>
        <controlfield tag="008">090917 2009    xx                  eng  </controlfield>
        <datafield tag="245" ind1=" " ind2=" ">
            <subfield code="a">call number starting with letter O</subfield>
        </datafield>        
        <datafield tag="999" ind1=" " ind2=" ">
            <subfield code="a">OYER</subfield>
            <subfield code="w">LC</subfield>
            <subfield code="c">1</subfield>
            <subfield code="i">JJ183012</subfield>
            <subfield code="l">ASK@GSB</subfield>
            <subfield code="m">JACKSON</subfield>
            <subfield code="r">N</subfield>
            <subfield code="s">Y</subfield>
            <subfield code="t">BUSINESS</subfield>
            <subfield code="u">9/26/2009</subfield>
        </datafield>
        <datafield tag="999" ind1=" " ind2=" ">
            <subfield code="a">O'REILLY</subfield>
            <subfield code="w">LC</subfield>
            <subfield code="c">1</subfield>
            <subfield code="i">JJ175237</subfield>
            <subfield code="l">ASK@GSB</subfield>
            <subfield code="m">JACKSON</subfield>
            <subfield code="r">N</subfield>
            <subfield code="s">Y</subfield>
            <subfield code="t">BUSINESS</subfield>
            <subfield code="u">4/6/2008</subfield>
        </datafield>
        <datafield tag="999" ind1=" " ind2=" ">
            <subfield code="a">ONLINE RESOURCE</subfield>
            <subfield code="w">LC</subfield>
            <subfield code="c">1</subfield>
            <subfield code="i">JJ183188</subfield>
            <subfield code="l">ASK@GSB</subfield>
            <subfield code="m">JACKSON</subfield>
            <subfield code="r">N</subfield>
            <subfield code="s">Y</subfield>
            <subfield code="t">BUSINESS</subfield>
            <subfield code="u">11/7/2009</subfield>
        </datafield>
        <datafield tag="999" ind1=" " ind2=" ">
            <subfield code="a">ORNL-6371</subfield>
            <subfield code="w">LC</subfield>
            <subfield code="c">1</subfield>
            <subfield code="i">36105114013282</subfield>
            <subfield code="l">STACKS</subfield>
            <subfield code="m">EARTH-SCI</subfield>
            <subfield code="r">Y</subfield>
            <subfield code="s">Y</subfield>
            <subfield code="t">EASTK-DOC</subfield>
            <subfield code="u">2/8/2005</subfield>
            <subfield code="o">.TECHSTAFF. c:liy</subfield>
        </datafield>
    </record>