
<!-- X -->
    <record>
        <leader>01018cam a22003017a 4500</leader>
        <controlfield tag="001">aletterX</controlfield>
        <controlfield tag="008">070130s2006    ja |||||||||||||| ||jpn d</controlfield>
        <datafield tag="245" ind1=" " ind2=" ">
            <subfield code="a">X call numbers</subfield>
        </datafield>
        <datafield tag="999" ind1=" " ind2=" ">
            <subfield code="a">X X</subfield>
            <subfield code="w">LC</subfield>
            <subfield code="c">1</subfield>
            <subfield code="i">6788077-1001</subfield>
            <subfield code="l">JAPANESE</subfield>
            <subfield code="m">EAST-ASIA</subfield>
            <subfield code="r">Y</subfield>
            <subfield code="s">Y</subfield>
            <subfield code="t">STKS-MONO</subfield>
            <subfield code="u">4/17/2007</subfield>
            <subfield code="z">TAX=8.25</subfield>
        </datafield>
        <datafield tag="999" ind1=" " ind2=" ">
            <subfield code="a">X XXCIN=MXI; OID=MXI</subfield>
            <subfield code="w">LC</subfield>
            <subfield code="c">1</subfield>
            <subfield code="i">36105095767443</subfield>
            <subfield code="l">JAPANESE</subfield>
            <subfield code="m">EAST-ASIA</subfield>
            <subfield code="r">Y</subfield>
            <subfield code="s">Y</subfield>
            <subfield code="t">STKS-MONO</subfield>
            <subfield code="u">11/14/2006</subfield>
            <subfield code="z">TAX=8.25</subfield>
        </datafield>
        <datafield tag="999" ind1=" " ind2=" ">
            <subfield code="a">XV 852</subfield>
            <subfield code="w">LC</subfield>
            <subfield code="c">1</subfield>
            <subfield code="i">36105062129460</subfield>
            <subfield code="d">5/5/2009</subfield>
            <subfield code="e">5/5/2009</subfield>
            <subfield code="k">CHECKEDOUT</subfield>
            <subfield code="l">OPEN-RES</subfield>
            <subfield code="m">LAW</subfield>
            <subfield code="n">9</subfield>
            <subfield code="r">M</subfield>
            <subfield code="s">Y</subfield>
            <subfield code="t">NH-PERMRES</subfield>
            <subfield code="u">3/1/2006</subfield>
            <subfield code="o">.TECHSTAFF. lc:kmw</subfield>
        </datafield>
        <datafield tag="999" ind1=" " ind2=" ">
            <subfield code="a">X(4775659.1)</subfield>
            <subfield code="w">LC</subfield>
            <subfield code="c">1</subfield>
            <subfield code="i">36105111585654</subfield>
            <subfield code="d">10/30/2006</subfield>
            <subfield code="l">STACKS</subfield>
            <subfield code="m">GREEN</subfield>
            <subfield code="r">Y</subfield>
            <subfield code="s">Y</subfield>
            <subfield code="t">STKS-MONO</subfield>
            <subfield code="u">5/17/2002</subfield>
            <subfield code="o">.TECHSTAFF. r :nnt 5/17/02 CLASS</subfield>
        </datafield>
        <datafield tag="999" ind1=" " ind2=" ">
            <subfield code="a">X897 .C87 Z55 2001</subfield>
            <subfield code="w">LC</subfield>
            <subfield code="c">1</subfield>
            <subfield code="i">36105025784799</subfield>
            <subfield code="l">STACKS</subfield>
            <subfield code="m">GREEN</subfield>
            <subfield code="p">$78.58</subfield>
            <subfield code="r">Y</subfield>
            <subfield code="s">Y</subfield>
            <subfield code="t">STKS-MONO</subfield>
            <subfield code="u">4/2/2002</subfield>
            <subfield code="x">RECYCLE</subfield>
            <subfield code="z">TAX=8.25</subfield>
            <subfield code="o">.TECHSTAFF. r:dus 04/02/2002 i:ejz</subfield>
        </datafield>
        <datafield tag="999" ind1=" " ind2=" ">
            <subfield code="a">XM98-1 NO.3</subfield>
            <subfield code="w">LC</subfield>
            <subfield code="c">1</subfield>
            <subfield code="i">36105023263143</subfield>
            <subfield code="d">10/22/1998</subfield>
            <subfield code="l">MAP-CASES</subfield>
            <subfield code="m">EARTH-SCI</subfield>
            <subfield code="r">Y</subfield>
            <subfield code="s">Y</subfield>
            <subfield code="t">EASTK-DOC</subfield>
            <subfield code="u">10/22/1998</subfield>
        </datafield>
        <datafield tag="999" ind1=" " ind2=" ">
            <subfield code="a">X</subfield>
            <subfield code="w">LC</subfield>
            <subfield code="c">1</subfield>
            <subfield code="i">6743881-1001</subfield>
            <subfield code="l">CHINESE</subfield>
            <subfield code="m">EAST-ASIA</subfield>
            <subfield code="r">Y</subfield>
            <subfield code="s">Y</subfield>
            <subfield code="t">STKS-MONO</subfield>
            <subfield code="u">1/31/2007</subfield>
            <subfield code="z">TAX=8.25</subfield>
        </datafield>
    </record>
<!-- Y -->
    <record>
        <leader>00455cam a22001695i 4500</leader>
        <controlfield tag="001">aletterY</controlfield>
        <controlfield tag="008">090106 2009    xx                  eng  </controlfield>
        <datafield tag="035" ind1=" " ind2=" ">
            <subfield code="a">Y call numbers</subfield>
        </datafield>
        <datafield tag="999" ind1=" " ind2=" ">
            <subfield code="a">YILMAZ</subfield>
            <subfield code="w">LC</subfield>
            <subfield code="c">1</subfield>
            <subfield code="i">JJ181738</subfield>
            <subfield code="l">ASK@GSB</subfield>
            <subfield code="m">JACKSON</subfield>
            <subfield code="r">N</subfield>
            <subfield code="s">Y</subfield>
            <subfield code="t">BUSINESS</subfield>
            <subfield code="u">1/11/2009</subfield>
        </datafield>
        <datafield tag="999" ind1=" " ind2=" ">
            <subfield code="a">YBP1834690</subfield>
            <subfield code="w">LC</subfield>
            <subfield code="c">1</subfield>
            <subfield code="i">4761801-4001</subfield>
            <subfield code="k">INPROCESS</subfield>
            <subfield code="l">RARE-BOOKS</subfield>
            <subfield code="m">SPEC-COLL</subfield>
            <subfield code="r">Y</subfield>
            <subfield code="s">Y</subfield>
            <subfield code="t">STKS</subfield>
            <subfield code="u">10/9/2002</subfield>
            <subfield code="z">TAX=8.25</subfield>
            <subfield code="o">.TECHSTAFF. r:dus 10/09/2002 SPEC</subfield>
        </datafield>
        <datafield tag="999" ind1=" " ind2=" ">
            <subfield code="a">Y210 .A3F6 1973</subfield>
            <subfield code="w">LC</subfield>
            <subfield code="c">1</subfield>
            <subfield code="i">LL41857</subfield>
            <subfield code="l">ASK@LANE</subfield>
            <subfield code="m">LANE-MED</subfield>
            <subfield code="r">N</subfield>
            <subfield code="s">Y</subfield>
            <subfield code="t">MEDICAL</subfield>
            <subfield code="u">3/30/2008</subfield>
        </datafield>
        <datafield tag="999" ind1=" " ind2=" ">
            <subfield code="a">YUGOSLAV SERIAL 1973 NO.1-6</subfield>
            <subfield code="w">ALPHANUM</subfield>
            <subfield code="c">1</subfield>
            <subfield code="i">36105071356997</subfield>
            <subfield code="d">3/15/2004</subfield>
            <subfield code="e">3/12/2004</subfield>
            <subfield code="l">STACKS</subfield>
            <subfield code="m">HOOVER</subfield>
            <subfield code="n">4</subfield>
            <subfield code="p">$40.00</subfield>
            <subfield code="r">Y</subfield>
            <subfield code="s">Y</subfield>
            <subfield code="t">PERIBND</subfield>
            <subfield code="u">7/27/1998</subfield>
        </datafield>
    </record>
</collection>